<record><leader>00000cas a22000007a 4500</leader><controlfield tag="001">15467288</controlfield><controlfield tag="008">870331d18561857wiudn ne      0    0eng d</controlfield><datafield ind1=" " ind2=" " tag="010"><subfield code="a">sn 87082403 </subfield></datafield><datafield ind1=" " ind2=" " tag="040"><subfield code="a">NPV</subfield><subfield code="b">eng</subfield><subfield code="c">NPV</subfield><subfield code="d">OCLCQ</subfield></datafield><datafield ind1=" " ind2=" " tag="042"><subfield code="a">msc</subfield></datafield><datafield ind1="0" ind2=" " tag="130"><subfield code="a">Racine daily journal (Racine, Wis. : 1856)</subfield></datafield><datafield ind1="1" ind2="0" tag="245"><subfield code="a">Racine daily journal.</subfield></datafield><datafield ind1="1" ind2="3" tag="246"><subfield code="a">Daily journal</subfield></datafield><datafield ind1=" " ind2=" " tag="260"><subfield code="a">Racine, Wis. :</subfield><subfield code="b">Hulett &amp; Harrison,</subfield><subfield code="c">1856-</subfield></datafield><datafield ind1=" " ind2=" " tag="300"><subfield code="a">v.</subfield></datafield><datafield ind1=" " ind2=" " tag="310"><subfield code="a">Daily (except Sunday)</subfield></datafield><datafield ind1="0" ind2=" " tag="362"><subfield code="a">Vol. 1, no. 1 (Nov. 25, 1856)-</subfield></datafield><datafield ind1="1" ind2=" " tag="362"><subfield code="a">Ceased with Oct. 7, 1857 issue?</subfield></datafield><datafield ind1=" " ind2=" " tag="500"><subfield code="a">Publisher varies.</subfield></datafield><datafield ind1=" " ind2=" " tag="580"><subfield code="a">Issued also in a weekly edition called: Racine weekly journal.</subfield></datafield><datafield ind1=" " ind2=" " tag="752"><subfield code="a">United States</subfield><subfield code="b">Wisconsin</subfield><subfield code="c">Racine</subfield><subfield code="d">Racine.</subfield></datafield><datafield ind1="1" ind2=" " tag="775"><subfield code="t">Racine weekly journal</subfield><subfield code="w">(DLC)sn 86086028</subfield></datafield></record>